<?xml version="1.0" encoding="UTF-8"?><collection xmlns="http://www.loc.gov/MARC21/slim"><record><leader>00475nam--2200145-i-4500</leader><controlfield tag="001">000041681</controlfield><controlfield tag="002">20161230</controlfield><controlfield tag="005">20170128135718</controlfield><controlfield tag="008">060222s1000------------r-----000-0-eng-d</controlfield><datafield ind1=" " ind2=" " tag="080"><subfield code="a">65.011.56:681.324(061.3)</subfield></datafield><datafield ind1=" " ind2=" " tag="245"><subfield code="a">Al v-lea simpozion de informatica si conducere si exprodinf`79. Program. Festivalul National Cintarea Romaniei</subfield></datafield><datafield ind1=" " ind2=" " tag="260"><subfield code="a">Cluj-Napoca</subfield><subfield code="b">Cons.Nat.Al Inginerilor Si Tehnicienilor</subfield><subfield code="c">1979</subfield></datafield><datafield ind1=" " ind2=" " tag="300"><subfield code="a">101 p</subfield></datafield><datafield ind1=" " ind2=" " tag="852"><subfield code="a">46980</subfield></datafield><datafield ind1=" " ind2=" " tag="CAT"><subfield code="a">SYS</subfield><subfield code="c">20170128</subfield><subfield code="h">135718</subfield></datafield></record></collection>